<?xml version="1.0" encoding="UTF-8"?><record xmlns="http://www.loc.gov/MARC21/slim" xmlns:cinclude="http://apache.org/cocoon/include/1.0" xmlns:zs="http://www.loc.gov/zing/srw/">
  <leader>00362nz  a2200121n  4500</leader>
  <controlfield tag="001">n  88634334 </controlfield>
  <controlfield tag="003">DLC</controlfield>
  <controlfield tag="005">19880506171913.1</controlfield>
  <controlfield tag="008">880506n| acannaab|          |n aad |||  </controlfield>
  <datafield tag="010" ind1=" " ind2=" ">
    <subfield code="a">n  88634334 </subfield>
  </datafield>
  <datafield tag="040" ind1=" " ind2=" ">
    <subfield code="a">DLC</subfield>
    <subfield code="c">DLC</subfield>
  </datafield>
  <datafield tag="100" ind1="1" ind2="0">
    <subfield code="a">Kurland, K. H. A.</subfield>
  </datafield>
  <datafield tag="670" ind1=" " ind2=" ">
    <subfield code="a">nuc88-37038: Author's Der Muskauer Park, 1975</subfield>
    <subfield code="b">(hdg. on DDO rept.: Kurland, K. H. A.; usage: K.H.A. Kurland)</subfield>
  </datafield>
</record>